<record><leader>00000cas a22000007a 4500</leader><controlfield tag="001">11252619</controlfield><controlfield tag="008">841011d18521uuuiauwr ne      0    0eng d</controlfield><datafield ind1=" " ind2=" " tag="010"><subfield code="a">sn 84038294 </subfield></datafield><datafield ind1=" " ind2=" " tag="040"><subfield code="a">NPX</subfield><subfield code="b">eng</subfield><subfield code="c">NPX</subfield><subfield code="d">INP</subfield><subfield code="d">OCLCG</subfield><subfield code="d">OCLCQ</subfield><subfield code="d">OCLCF</subfield></datafield><datafield ind1="1" ind2=" " tag="029"><subfield code="a">AU@</subfield><subfield code="b">000025820421</subfield></datafield><datafield ind1=" " ind2=" " tag="042"><subfield code="a">msc</subfield></datafield><datafield ind1="0" ind2="4" tag="245"><subfield code="a">The Sharp stick, or campaign Keokuk dispatch.</subfield></datafield><datafield ind1="3" ind2="0" tag="246"><subfield code="a">Campaign Keokuk dispatch</subfield></datafield><datafield ind1=" " ind2=" " tag="260"><subfield code="a">Keokuk, Iowa :</subfield><subfield code="b">T.B. Cuming &amp; G.W. Armstrong</subfield></datafield><datafield ind1=" " ind2=" " tag="300"><subfield code="a">v. :</subfield><subfield code="b">ill. ;</subfield><subfield code="c">44 cm.</subfield></datafield><datafield ind1=" " ind2=" " tag="310"><subfield code="a">Weekly</subfield></datafield><datafield ind1="1" ind2=" " tag="362"><subfield code="a">Began with July 9, 1852 issue.</subfield><subfield code="z">Cf. Bibl. of Iowa newspapers.</subfield></datafield><datafield ind1=" " ind2=" " tag="500"><subfield code="a">"On!"</subfield></datafield><datafield ind1=" " ind2=" " tag="500"><subfield code="a">"Democratic," &lt;1852&gt;.</subfield></datafield><datafield ind1=" " ind2=" " tag="500"><subfield code="a">Campaign paper supporting Franklin Pierce for president.</subfield></datafield><datafield ind1=" " ind2=" " tag="500"><subfield code="a">Editor: T.B. Cuming, &lt;1852&gt;.</subfield></datafield><datafield ind1=" " ind2=" " tag="588"><subfield code="a">Description based on: Vol. 1, no. 7 (July 30, 1852).</subfield></datafield><datafield ind1="1" ind2="0" tag="600"><subfield code="a">Pierce, Franklin,</subfield><subfield code="d">1804-1869.</subfield></datafield><datafield ind1="1" ind2="7" tag="600"><subfield code="a">Pierce, Franklin,</subfield><subfield code="d">1804-1869.</subfield><subfield code="2">fast</subfield><subfield code="0">(OCoLC)fst00005966</subfield></datafield><datafield ind1=" " ind2=" " tag="752"><subfield code="a">United States</subfield><subfield code="b">Iowa</subfield><subfield code="c">Lee</subfield><subfield code="d">Keokuk.</subfield></datafield></record>